@article{1,
	author = {Y. Wang and Y. Zhang},
	title = {Nonnegative Matrix Factorization: A Comprehensive Review},
	journal = {IEEE Trans. Knowl. Data Eng.},
	volume = {25},
	number = {6},
	year = {2013},
	pages = {1336--1353},
	doi = {10.1109/TKDE.2012.51},
}

@article{2,
	author = {Y. Salehani and E. Arabnejad and A. Rahiche and A. Bakhta and M. Cheriet},
	title = {{MSdB-NMF}: Multispectral document image binarization framework via non-negative matrix factorization approach},
	journal = {IEEE Trans. Image Process.},
	volume = {29},
	year = {2020},
	pages = {9099--9112},
	doi = {10.1109/TIP.2020.3023613},
}

@article{3,
	author = {S. Li and W. Li and L. Cai and Y. Li},
	title = {Subspace multi-regularized non-negative matrix factorization for hyperspectral unmixing},
	journal = {Appl. Intell.},
	volume = {53},
	year = {2023},
	pages = {12541--12563},
	doi = {10.1007/s10489-022-04121-y},
}

@article{4,
	author = {M. Ekanayake and H. Weerasooriya and Y. Ranasinghe and S. Herath and B. Rathnayake and R. Godaliyadda and V. Herath and M. Ekanayake},
	title = {Constrained Nonnegative Matrix Factorization for Blind Hyperspectral Unmixing Incorporating Endmember Independence},
	journal = {IEEE J. Sel. Top. Appl. Earth Obs. Remote Sens.},
	volume = {14},
	year = {2021},
	pages = {11853--11869},
	doi = {10.1109/JSTARS.2021.3126664},
}

@article{5,
	author = {T. Zhang and B. Fang and Y. Tang and G. He and J. Wen},
	title = {Topology Preserving Non-negative Matrix Factorization for Face Recognition},
	journal = {IEEE Trans. Image Process.},
	volume = {17},
	number = {4},
	year = {2008},
	pages = {574--584},
	doi = {10.1109/TIP.2008.918957},
}

@article{6,
	author = {R. Zhi and M. Flierl and Q. Ruan and W. Kleijn},
	title = {Graph-preserving sparse nonnegative matrix factorization with application to facial expression recognition},
	journal = {IEEE Trans. Syst. Man Cybern.},
	volume = {41},
	number = {1},
	year = {2011},
	pages = {38--52},
	doi = {10.1109/tsmcb.2010.2044788},
}

@article{7,
	author={D. Lee and H. Seung},
	title={Algorithms for non-negative matrix factorization},
	journal={Adv. Neural Inf. Process. Syst.},
	volume={13},
	pages={556-562},
	year={2001}
}

@article{8,
	author = {D. Lee and H. Seung},
	title = {Learning the parts of objects by non-negative matrix factorization},
	journal = {Nature},
	volume = {401},
	year = {1999},
	pages = {788--791},
}

@article{9,
	author = {H. Liu and Z. Wu and X. Li and D. Cai and T. Huang},
	title = {Constrained nonnegative matrix factorization for image representation},
	journal = {IEEE Trans. Pattern Anal. Mach. Intell.},
	volume = {34},
	number = {7},
	year = {2012},
	pages = {1299--1311},
	doi = {10.1109/TPAMI.2011.217},
}

@article{10,
	author = {S. Peng and W. Ser and B. Chen and Z. Lin},
	title = {Robust semi-supervised nonnegative matrix factorization for image clustering},
	journal = {Pattern Recognit.},
	volume = {111},
	year = {2021},
	pages = {107683},
	doi = {10.1016/j.patcog.2020.107683},
}

@article{11,
	author = {Babaee, M. and Tsoukalas, S. and Babaee, M. and Rigoll, G. and Datcu, M.},
	title = {Discriminative Nonnegative Matrix Factorization for Dimensionality Reduction},
	journal = {Neurocomputing},
	volume = {173},
	number = {2},
	year = {2016},
	pages = {212--223},
	doi = {10.1016/j.neucom.2014.12.124},
}

@article{12,
	author = {Hou, L. and Chu, D. and Liao, L.},
	title = {A Progressive Hierarchical Alternating Least Squares Method for Symmetric Nonnegative Matrix Factorization},
	journal = {IEEE Trans. Pattern Anal. Mach. Intell.},
	volume = {45},
	number = {5},
	year = {2023},
	pages = {5355--5369},
	doi = {10.1109/TPAMI.2022.3206465},
}

@article{13,
	author = {Luo, X. and Liu, Z. and Jin, L. and Zhou, Y. and Zhou, M.},
	title = {Symmetric Nonnegative Matrix Factorization-Based Community Detection Models and Their Convergence Analysis},
	journal = {IEEE Trans. Neural Netw. Learn. Syst.},
	volume = {33},
	number = {3},
	year = {2022},
	pages = {1203--1215},
	doi = {10.1109/TNNLS.2020.3041360},
}

@article{14,
	author = {Kannan, R. and Ballard, G. and Park, H.},
	title = {A High-Performance Parallel Algorithm for Nonnegative Matrix Factorization},
	journal = {ACM SIGPLAN Notices},
	volume = {51},
	number = {8},
	year = {2016},
	pages = {1--11},
	doi = {10.1145/2851141.2851152},
}

@inproceedings{15,
	author = {Moon, G. and Ellis, J. and Sukumaran-Rajam, A. and Parthasarathy, S. and Sadayappan, P.},
	title = {{ALO-NMF}: Accelerated Locality-Optimized Non-Negative Matrix Factorization},
	booktitle = {Proc. 26th ACM SIGKDD Int. Conf. Knowledge Discovery Data Min.},
	year = {2020},
	pages = {1758--1767},
}

@article{16,
	author = {Tang, J. and Feng, H.},
	title = {Robust Local-Coordinate Non-Negative Matrix Factorization with Adaptive Graph for Robust Clustering},
	journal = {Inf. Sci.},
	volume = {610},
	year = {2022},
	pages = {1058--1077},
	doi = {10.1016/j.ins.2022.08.023},
}

@article{17,
	author = {Xiong, H. and Kong, D.},
	title = {Elastic Nonnegative Matrix Factorization},
	journal = {Pattern Recognit.},
	volume = {90},
	year = {2019},
	pages = {464--475},
	doi = {10.1016/j.patcog.2018.07.007},
}

@article{18,
	author = {Tang, J. and Gao, Y. and Jia, S. and Feng, H.},
	title = {Robust Clustering with Adaptive Order Graph Learning},
	journal = {Inf. Sci.},
	volume = {649},
	year = {2023},
	pages = {119659},
	doi = {10.1016/j.ins.2023.119659},
}

@article{19,
	author = {Cai, D. and He, X. and Han, J. and Huang, T.},
	title = {Graph Regularized Nonnegative Matrix Factorization for Data Representation},
	journal = {IEEE Trans. Pattern Anal. Mach. Intell.},
	volume = {33},
	number = {8},
	year = {2011},
	pages = {1548--1560},
	doi = {10.1109/TPAMI.2010.231},
}

@article{20,
	author = {Li, C. and Che, H. and Leung, M. and Liu, C. and Yan, Z.},
	title = {Robust Multi-view Non-negative Matrix Factorization with Adaptive Graph and Diversity Constraints},
	journal = {Inf. Sci.},
	volume = {634},
	year = {2023},
	pages = {587--607},
	doi = {10.1016/j.ins.2023.03.119},
}

@article{21,
	author = {Z. Ma and J. Wang and H. Li and Y. Huang},
	title = {Adaptive graph regularized non-negative matrix factorization with self-weighted learning for data clustering},
	journal = {Appl. Intell.},
	year = {2023},
	pages = {1--20},
	doi = {10.1007/s10489-023-04868-y},
}

@article{22,
	author = {Z. Shi and J. Liu},
	title = {Noise-tolerant clustering via joint doubly stochastic matrix regularization and dual sparse coding},
	journal = {Expert Syst. Appl.},
	volume = {222},
	year = {2023},
	pages = {119814},
	doi = {10.1016/j.eswa.2023.119814},
}

@article{23,
	author = {Y. Meng and R. Shang and L. Jiao and W. Zhang and S. Yang},
	title = {Dual-graph regularized non-negative matrix factorization with sparse and orthogonal constraints},
	journal = {Eng. Appl. Artif. Intell.},
	volume = {69},
	year = {2018},
	pages = {24--35},
	doi = {10.1016/j.engappai.2017.11.008},
}

@article{24,
	author = {H. Li and Y. Gao and J. Liu and J. Zhang and C. Li},
	title = {Semi-supervised graph regularized nonnegative matrix factorization with local coordinate for image representation},
	journal = {Signal Process., Image Commun.},
	volume = {102},
	year = {2022},
	pages = {116589},
	doi = {10.1016/j.image.2021.116589},
}

@article{25,
	author = {D. Shi and L. Zhu and J. Li and Z. Zhang and X. Chang},
	title = {Unsupervised adaptive feature selection with binary hashing},
	journal = {IEEE Trans. Image Process.},
	volume = {32},
	year = {2023},
	pages = {838--853},
	doi = {10.1109/TIP.2023.3234497},
}

@article{27,
	author = {S. Wang and W. Pedrycz and Q. Zhu and W. Zhu},
	title = {Subspace learning for unsupervised feature selection via matrix factorization},
	journal = {Pattern Recognit.},
	volume = {48},
	number = {1},
	year = {2015},
	pages = {10--19},
	doi = {10.1016/j.patcog.2014.08.004},
}

@article{28,
	author = {C. Zeng and H. Chen and T. Li and J. Wan},
	title = {Robust unsupervised feature selection via sparse and minimum-redundant subspace learning with dual regularization},
	journal = {Neurocomputing},
	volume = {511},
	year = {2022},
	pages = {1--21},
	doi = {10.1016/j.neucom.2022.09.074},
}

@article{29,
	author = {F. Shang and L. Jiao and F. Wang},
	title = {Graph dual regularization non-negative matrix factorization for co-clustering},
	journal = {Pattern Recognit.},
	volume = {45},
	number = {6},
	year = {2012},
	pages = {2237--2250},
	doi = {10.1016/j.patcog.2011.12.015},
}

@article{30,
	author = {G. Lu and C. Leng and B. Li and L. Jiao and A. Basu},
	title = {Robust dual-graph discriminative NMF for data classification},
	journal = {Knowl.-Based Syst.},
	volume = {268},
	year = {2023},
	pages = {110465},
	doi = {10.1016/j.knosys.2023.110465},
}

@article{31,
	author = {M. Chen and X. Li},
	title = {Robust matrix factorization with spectral embedding},
	journal = {IEEE Trans. Neural Netw. Learn. Syst.},
	volume = {32},
	number = {12},
	year = {2020},
	pages = {5698-5707},
	doi = {10.1109/tnnls.2020.3027351},
}

@article{32,
	author = {J. Huang and F. Nie and H. Huang and C. Ding},
	title = {Robust manifold nonnegative matrix factorization},
	journal = {ACM Trans. Knowl. Disc. Data},
	volume = {8},
	number = {3},
	year = {2014},
	pages = {1-21},
	doi = {10.1145/2601434},
}

@article{33,
	author = {Z. Li and J. Tang and X. He},
	title = {Robust structured nonnegative matrix factorization for image representation},
	journal = {IEEE Trans. Neural Netw. Learn. Syst.},
	volume = {29},
	number = {5},
	year = {2018},
	pages = {1947-1960},
	doi = {10.1109/tnnls.2017.2691725},
}

@article{34,
	author = {H. Xiong and D. Kong and F. Nie},
	title = {Cauchy balanced nonnegative matrix factorization},
	journal = {Artif. Intell. Rev.},
	volume = {56},
	year = {2023},
	pages = {11867-11903},
	doi = {10.1007/s10462-022-10379-y},
}

@inproceedings{35,
	author = {S. Huang and Z. Xu and F. Wang},
	title = {Nonnegative matrix factorization with adaptive neighbors},
	booktitle = {Proc. Int. Joint Conf. Neural Netw.},
	year = {2017},
	pages = {486-493},
}

@article{36,
	author = {Y. Yi and S. Lai and S. Li and J. Dai and W. Wang and J. Wang},
	title = {RRNMF-MAGL: Robust regularization non-negative matrix factorization with multi-constraint adaptive graph learning for dimensionality reduction},
	journal = {Inf. Sci.},
	volume = {640},
	year = {2023},
	pages = {119029},
	doi = {10.1016/j.ins.2023.119029},
}

@article{37,
	author = {F. Sun and M. Xu and X. Hu and X. Jiang},
	title = {Graph regularized and sparse nonnegative matrix factorization with hard constraints for data representation},
	journal = {Neurocomputing},
	volume = {173},
	number = {2},
	year = {2016},
	pages = {233-244},
	doi = {10.1016/j.neucom.2015.01.103},
}

@article{38,
	author = {C. Peng and Y. Zhang and Y. Chen and Z. Kang and C. Chen and Q. Cheng},
	title = {Log-based sparse nonnegative matrix factorization for data representation},
	journal = {Knowl.-Based Syst.},
	volume = {251},
	year = {2022},
	pages = {109127},
	doi = {10.1016/j.knosys.2022.109127},
}

@article{39,
	author = {Y. Meng and R. Shang and L. Jiao and W. Zhang and Y. Yuan and S. Yang},
	title = {Feature selection based dual-graph sparse non-negative matrix factorization for local discriminative clustering},
	journal = {Neurocomputing},
	volume = {290},
	year = {2018},
	pages = {87-99},
	doi = {10.1016/j.neucom.2018.02.044},
}

@article{40,
	author = {Z. Shu and F. Zuo and W. Wu and C. You},
	title = {Dual local learning regularized NMF with sparse and orthogonal constraints},
	journal = {Appl. Intell.},
	volume = {53},
	year = {2023},
	pages = {7713-7727},
	doi = {10.1007/s10489-022-03881-x},
}

@article{41,
	author    = {Y. Huang and Z. Ma and H. Li and J. Wang},
	title     = {Dual Space Latent Representation Learning for Image Representation},
	journal   = {Mathematics},
	volume    = {11},
	number    = {11},
	year      = {2023},
	pages     = {2526},
	doi       = {10.3390/math11112526},
}

@article{42,
	author    = {R. Shang and W. Zhang and Z. Li and C. Wang and L. Jiao},
	title     = {Attribute community detection based on latent representation learning and graph regularized non-negative matrix factorization},
	journal   = {Appl. Soft Comput.},
	volume    = {133},
	year      = {2023},
	pages     = {109932},
	doi       = {10.1016/j.asoc.2022.109932},
}

@article{43,
	author    = {X. He and J. Tang and X. Du and R. Hong and T. Ren and T. Chua},
	title     = {Fast matrix factorization with nonuniform weights on missing data},
	journal   = {IEEE Trans. Neural Netw. Learn. Syst.},
	volume    = {31},
	number    = {8},
	year      = {2020},
	pages     = {2791--2804},
	doi       = {10.1109/tnnls.2018.2890117},
}

@article{44,
	author    = {J. Ma and Y. Zhang and L. Zhang},
	title     = {Discriminative subspace matrix factorization for multiview data clustering},
	journal   = {Pattern Recognit.},
	volume    = {111},
	year      = {2021},
	pages     = {107676},
	doi       = {10.1016/j.patcog.2020.107676},
}

@inproceedings{45,
	author    = {X. Zhang and Q. Liao and Z. Luo},
	title     = {Online discriminant projective non-negative matrix factorization},
	booktitle = {Proc. Int. Conf. Security Pattern Anal. Cybern.},
	year      = {2017},
	pages     = {537--542},
}

@article{46,
	author    = {M. Chen and M. Gong and X. Li},
	title     = {Feature Weighted Non-Negative Matrix Factorization},
	journal   = {IEEE Trans. Cybern.},
	volume    = {53},
	number    = {2},
	year      = {2023},
	pages     = {1093--1105},
	doi       = {10.1109/TCYB.2021.3100067},
}

@inproceedings{47,
	author    = {L. Zhang and Q. Zhang and B. Du and J. You and D. Tao},
	title     = {Adaptive manifold regularized matrix factorization for data clustering},
	booktitle = {Proc. Int. Joint Conf. Artif. Intell.},
	year      = {2017},
	pages     = {3399--3405}
}

@article{48,
	author    = {R. Hedjam and A. Abdesselam and F. Melgani},
	title     = {NMF with feature relationship preservation penalty term for clustering problems},
	journal   = {Pattern Recognit.},
	volume    = {112},
	year      = {2021},
	pages     = {107814},
	doi       = {10.1016/j.patcog.2021.107814},
}

@article{49,
	author    = {S. Zhang and E. Soubies and C. Févotte},
	title     = {Leveraging Joint-Diagonalization in Transform-Learning NMF},
	journal   = {IEEE Trans. Signal Process.},
	volume    = {70},
	year      = {2022},
	pages     = {3802--3817},
	doi       = {10.1109/TSP.2022.3188177},
}

@article{50,
	author = {Ronghua Shang and Yang Meng and Wenbing Wang and Fanhua Shang and Licheng Jiao},
	title = {Local discriminative based sparse subspace learning for feature selection},
	journal = {Pattern Recognit.},
	volume = {92},
	pages = {219--230},
	year = {2019}
}

@article{51,
	author = {Chong Peng and Xingrong Hou and Yongyong Chen and Zhao Kang and Chenglizhao Chen and Qiang Cheng},
	title = {Global and local similarity learning in multi-kernel space for nonnegative matrix factorization},
	journal = {Knowl.-Based Syst.},
	volume = {279},
	pages = {110946},
	year = {2023}
}

@article{52,
	author = {P. Tiwari and F. S. Movahed and S. Karami and F. Saberi-Movahed and J. Lehmann and S. Vahdati},
	title = {A self-representation learning method for unsupervised feature selection using feature space basis},
	journal = {Trans. Mach. Learn. Res.},
	volume = {7},
	pages = {1--24},
	year = {2024}
}

@article{53,
	author = {Farid Saberi-Movahed and Bitasta Biswas and Prayag Tiwari and Jens Lehmann and Sahar Vahdati},
	title = {Deep Nonnegative Matrix Factorization with Joint Global and Local Structure Preservation},
	journal = {Expert Syst. Appl.},
	volume = {249},
	pages = {123645},
	year = {2024}
}

@article{54,
	author = {A. Moslemi and A. Shaygani},
	title = {Subspace learning via Hessian regularized latent representation learning with $\ell_{2,0}$-norm constraint: unsupervised feature selection},
	journal = {Int. J. Mach. Learn. Cybern.},
	volume = {15},
	pages = {5361--5380},
	year = {2024}
}

@article{55,
	author = {Yonghao Li and Liang Hu and Wanfu Gao},
	title = {Multi-label feature selection with high-sparse personalized and low-redundancy shared common features},
	journal = {Inf. Process. Manag.},
	volume = {61},
	number = {3},
	pages = {103633},
	year = {2024}
}

@article{56,
	author = {Yonghao Li and Liang Hu and Wanfu Gao},
	title = {Robust sparse and low-redundancy multi-label feature selection with dynamic local and global structure preservation},
	journal = {Pattern Recognit.},
	volume = {134},
	pages = {109120},
	year = {2023}
}

@article{57,
	author = {Yonghao Li and Liang Hu and Wanfu Gao},
	title = {Multi-label feature selection via robust flexible sparse regularization},
	journal = {Pattern Recognit.},
	volume = {134},
	pages = {109074},
	year = {2023}
}

@article{58,
	author = {M. Mozafari and S. Seyedi and R. Mohammadiani and F. Tab},
	title = {Unsupervised feature selection using orthogonal encoder-decoder factorization},
	journal = {Inf. Sci.},
	volume = {663},
	pages = {120277},
	year = {2024}
}

@article{59,
	author = {Jikui Wang and Yiwen Wu and Bing Li and Zhenguo Yang and Feiping Nie},
	title = {Fast anchor graph preserving projections},
	journal = {Pattern Recognit.},
	volume = {146},
	pages = {109996},
	year = {2024}
}

@article{60,
	author = {Yasong Chen and Guangwei Qu and Junjian Zhao},
	title = {Orthogonal graph regularized non-negative matrix factorization under sparse constraints for clustering},
	journal = {Expert Syst. Appl.},
	volume = {249},
	pages = {123797},
	year = {2024}
}

@ARTICLE{61,
	author={Songtao Li and Shiqian Wu and Chang Tang and Junchi Zhang and Zushuai Wei},
	journal={IEEE Trans. Neural Netw. Learn. Syst.}, 
	title={Robust Nonnegative Matrix Factorization With Self-Initiated Multigraph Contrastive Fusion}, 
	volume={},
	pages={1-15},
	year={2024},
}